date,revenue
10/04/2013,3504719.75
10/11/2013,3267912.73
12/22/2020,3097698.01
10/13/2022,3088636.83
10/12/2022,2917869.5
10/05/2021,2903928.2
12/07/2023,2743396.67
12/27/2022,2722392.57
12/29/2020,2717979.52
12/06/2023,2694046.76
08/03/2022,2668865.93
12/07/2022,2625570.52
05/03/2023,2625538.98
08/25/2021,2587799.22
06/29/2022,2544467.74
06/29/2023,2543242.34
12/09/2021,2536057.02
10/06/2021,2532396.91
02/08/2024,2468985.37
03/07/2024,2449720.77
08/31/2022,2429289.43
08/29/2023,2421791.18
09/29/2020,2420417.11
12/05/2022,2409943.42
05/23/2024,2399634.38
12/27/2023,2391598.91
02/09/2023,2368045.88
02/10/2022,2358100.56
07/31/2019,2357121.79
02/16/2022,2340317.42
10/11/2023,2312605.57
08/18/2022,2300912.19
07/07/2021,2298164.72
11/14/2023,2293685.52
09/05/2019,2288889.5
05/04/2023,2288022.79
09/06/2022,2280737.68
08/02/2023,2275270.64
08/04/2022,2268717.18
06/27/2023,2264567.81
07/06/2023,2262735.3
06/28/2023,2247566.99
08/19/2021,2243208.2
09/23/2020,2241022.99
11/22/2021,2239128.75
12/21/2021,2234742.96
08/30/2022,2234402.6
06/15/2022,2232747.9
06/06/2023,2231406.42
02/06/2024,2229894.04
11/09/2023,2223837.68
08/02/2022,2220583.49
05/05/2022,2217313.83
12/19/2022,2216799.38
09/30/2021,2207622.65
09/09/2020,2192185.82
05/29/2020,2191506.13
11/10/2021,2189102.85
11/16/2021,2187879.92
03/08/2023,2185497.96
07/26/2023,2183246.46
09/01/2022,2181915.95
08/31/2023,2179602.71
11/21/2023,2179096.13
12/08/2021,2176413.71
10/03/2023,2176167.87
12/22/2017,2173262.71
11/25/2022,2170337.88
12/21/2018,2169369.06
12/13/2018,2166754.72
09/07/2023,2163537.62
12/15/2021,2163235.26
11/07/2022,2162329.03
04/25/2024,2158304.94
11/09/2021,2157107.31
06/26/2019,2150877.34
12/21/2022,2150850.93
12/19/2023,2150788.1
01/03/2024,2140196.13
09/26/2023,2140131.57
10/10/2023,2137038.14
12/06/2018,2135619.82
04/06/2022,2134668.28
05/24/2023,2134132.67
10/12/2023,2132087.28
04/21/2021,2130271.51
11/21/2022,2125807.2
08/25/2020,2122566.7
01/04/2024,2119396.3
07/06/2022,2117972.96
10/11/2022,2116869.93
11/07/2023,2115262.31
12/09/2020,2113838.83
12/28/2023,2113743.0
12/05/2023,2111014.09
09/22/2020,2105469.82
06/06/2016,2103966.79
10/03/2022,2103661.41
12/21/2016,2103595.81
10/12/2021,2098850.28
12/05/2017,2096679.14
04/05/2023,2091737.44
05/03/2024,2091332.82
10/06/2020,2089406.76
08/24/2021,2087975.83
02/14/2024,2086587.71
10/04/2023,2086177.84
05/25/2022,2086142.82
06/23/2014,2085975.82
04/18/2024,2084204.77
06/09/2021,2083382.69
06/10/2024,2081783.76
12/08/2020,2079501.8699999999
09/09/2021,2077882.14
12/12/2022,2075208.71
12/04/2017,2073438.49
07/21/2021,2072977.52
08/31/2021,2071774.13
10/02/2018,2068820.11
12/15/2022,2065336.03
10/19/2021,2061663.04
10/04/2022,2061031.07
11/22/2023,2057383.04
09/24/2019,2055101.67
04/06/2023,2054219.83
06/10/2021,2051613.56
12/11/2023,2050555.38
11/16/2022,2050035.11
10/01/2020,2045678.17
06/25/2024,2042997.01
12/15/2020,2039002.52
06/28/2017,2036648.55
09/29/2021,2032957.05
12/01/2022,2031367.22
11/17/2020,2031270.3
12/13/2022,2030507.68
08/26/2020,2030295.21
12/29/2014,2029687.78
06/05/2024,2029236.91
12/20/2022,2028933.78
09/13/2023,2028800.5
07/05/2019,2025317.11
06/07/2023,2024776.07
07/03/2023,2023045.2
04/03/2023,2021051.13
05/31/2024,2019911.96
02/23/2023,2019903.06
08/09/2022,2016930.39
06/30/2020,2016230.84
12/22/2016,2015527.45
06/27/2022,2012498.01
07/07/2023,2011494.75
12/17/2018,2009575.69
12/07/2021,2008536.08
10/07/2021,2006906.44
06/01/2023,2005987.8
12/18/2023,2005942.14
12/20/2018,2005716.31
05/28/2024,2005437.18
12/22/2021,2003273.55
05/05/2021,2003237.11
12/06/2022,2002502.75
07/08/2021,2000801.09
12/22/2023,1999882.33
06/02/2021,1999199.21
10/13/2014,1998825.0
03/30/2022,1997284.41
06/15/2015,1995894.18
12/09/2022,1995403.87
07/17/2023,1994742.0
11/23/2021,1992868.25
11/03/2020,1991607.22
12/01/2014,1991352.36
05/02/2022,1988953.85
10/09/2023,1988901.4
12/08/2022,1984565.9
12/05/2018,1984482.12
06/16/2022,1981770.15
10/30/2023,1981520.77
12/01/2015,1979643.44
09/08/2022,1978546.15
04/14/2022,1977404.46
11/18/2015,1976762.51
12/13/2023,1974845.84
09/11/2017,1974677.66
01/03/2023,1970620.62
09/08/2014,1970086.58
12/29/2022,1966377.09
10/05/2022,1964869.51
12/20/2023,1962464.01
02/07/2024,1959139.36
03/06/2023,1957982.11
06/18/2024,1957596.08
12/19/2016,1956094.65
11/18/2022,1955601.18
11/04/2021,1955408.0
12/14/2021,1954069.02
11/14/2018,1952293.36
09/05/2023,1951943.89
06/28/2021,1951596.5
05/28/2020,1951046.86
12/07/2017,1950063.53
11/30/2015,1949902.56
10/05/2012,1949662.19
05/30/2023,1948814.21
07/14/2021,1946623.43
05/07/2024,1945944.01
08/28/2017,1945294.99
10/05/2023,1944750.4
12/16/2020,1944036.19
12/27/2018,1942767.99
10/02/2023,1941002.22
10/10/2018,1937764.45
10/06/2022,1937690.21
10/12/2015,1937287.76
05/19/2015,1935772.54
05/18/2021,1935063.53
05/31/2022,1934267.99
09/11/2020,1934144.82
10/26/2020,1934021.97
03/16/2015,1933297.11
10/26/2022,1933160.56
11/16/2023,1931741.1300000001
12/10/2014,1926816.39
09/08/2023,1926376.93
06/09/2014,1922533.66
04/28/2021,1921501.27
11/09/2022,1920441.88
05/16/2024,1919939.79
12/12/2018,1919598.74
05/29/2019,1917756.65
12/28/2021,1917055.54
10/19/2012,1916951.36
08/11/2021,1913594.44
09/22/2021,1913103.86
12/26/2019,1912906.14
08/26/2022,1912792.87
11/26/2021,1912079.56
10/19/2022,1911075.87
12/28/2018,1910972.17
06/02/2020,1910009.13
05/06/2021,1909792.99
11/29/2018,1909083.43
08/01/2023,1908600.68
04/14/2020,1907583.78
10/08/2019,1907104.19
11/14/2022,1906076.53
06/08/2023,1905248.09
08/16/2022,1904566.03
10/07/2020,1903808.55
08/05/2022,1903710.43
04/07/2022,1903474.73
12/06/2021,1901696.73
09/19/2022,1900522.79
05/12/2021,1898652.02
10/14/2013,1898299.37
10/04/2021,1898204.32
11/18/2021,1897125.66
05/18/2022,1892970.29
04/24/2023,1892382.1
11/19/2021,1891820.28
05/05/2023,1891014.01
05/02/2024,1890043.58
06/16/2021,1889597.46
03/31/2021,1888904.09
08/16/2023,1887562.18
05/13/2024,1887240.88
12/28/2022,1886654.89
12/07/2015,1886564.29
10/07/2013,1886093.73
05/05/2020,1885157.84
07/01/2020,1885060.95
08/18/2020,1883998.47
10/10/2022,1883917.66
12/18/2020,1883463.38
10/27/2020,1882992.51
05/04/2021,1882145.38
06/24/2020,1878268.25
12/02/2022,1877913.74
11/17/2016,1877610.84
03/03/2021,1877165.3
12/10/2018,1877154.0
07/19/2023,1876579.11
10/04/2018,1875385.1
10/01/2014,1875293.42
03/14/2024,1874222.5
03/03/2023,1873947.33
11/17/2021,1870445.22
12/16/2021,1868057.8
10/06/2016,1867987.22
10/15/2014,1866893.95
11/01/2021,1866567.92
12/22/2015,1866200.24
06/04/2024,1863368.25
12/20/2019,1862945.79
12/20/2021,1860354.95
05/18/2015,1858349.98
11/24/2021,1858148.45
03/06/2024,1856802.79
08/10/2022,1856454.99
12/19/2018,1855915.48
09/18/2020,1855716.1300000001
11/15/2018,1855558.88
02/11/2015,1854756.29
11/27/2020,1854636.17
09/21/2021,1853065.95
05/20/2024,1852922.03
06/23/2020,1851872.03
05/24/2022,1851413.73
12/26/2020,1850286.33
06/26/2012,1849722.1
05/31/2019,1849524.04
03/05/2021,1849175.18
02/06/2023,1848628.81
06/21/2023,1847844.05
10/05/2017,1847717.53
05/12/2020,1846809.45
01/05/2024,1845904.11
10/26/2012,1845322.06
06/03/2021,1845154.67
10/14/2015,1845120.6
12/26/2018,1843846.31
08/09/2023,1840613.51
06/27/2018,1840213.62
06/22/2020,1839941.27
05/26/2021,1839370.15
12/03/2018,1839318.57
02/19/2024,1838940.5
11/08/2023,1838354.5
12/11/2020,1837639.04
12/08/2014,1836211.14
05/16/2018,1835722.76
07/20/2021,1835492.08
04/27/2015,1834635.42
10/11/2021,1834053.18
04/25/2016,1833112.6
07/29/2022,1832483.53
10/06/2023,1830906.56
09/10/2014,1830566.46
09/03/2014,1828805.01
05/31/2023,1828787.66
10/02/2017,1828260.62
01/25/2024,1828008.3
08/28/2020,1826074.94
11/02/2023,1825923.56
06/01/2015,1823821.12
06/05/2023,1823669.19
05/11/2023,1823161.65
06/05/2017,1823104.98
12/17/2019,1822625.23
06/24/2022,1822251.19
04/17/2024,1821860.15
05/12/2023,1820027.08
06/29/2018,1818968.56
09/06/2023,1818204.99
07/27/2022,1816752.56
06/16/2020,1816525.32
10/13/2020,1815448.88
12/18/2019,1814097.49
06/27/2016,1812498.02
12/18/2018,1812347.0
07/28/2020,1812172.15
05/23/2023,1811040.77
11/03/2022,1810128.29
12/02/2013,1809922.66
04/28/2020,1809526.25
04/07/2020,1809420.98
05/29/2024,1807656.83
09/29/2022,1806371.87
11/22/2022,1805632.96
09/26/2022,1804587.72
05/30/2024,1804413.08
06/27/2024,1803712.24
12/27/2016,1803674.77
11/29/2023,1803551.01
12/27/2019,1803217.66
04/24/2019,1802497.71
04/08/2021,1801884.74
06/04/2018,1801555.76
05/19/2021,1800193.72
09/01/2020,1799102.53
11/30/2017,1798989.75
01/02/2024,1797814.82
11/24/2020,1797585.91
12/14/2015,1797513.63
08/30/2023,1797491.44
12/17/2014,1797347.9
04/07/2014,1796797.35
10/28/2020,1796528.84
08/25/2023,1794946.27
10/14/2020,1793756.42
07/05/2021,1792275.39
12/10/2021,1791943.36
05/15/2019,1791647.69
06/23/2022,1790766.89
12/03/2014,1790348.24
04/24/2020,1790093.18
06/14/2021,1789899.3
10/14/2019,1789317.59
03/24/2021,1788811.0
09/01/2021,1787906.25
08/12/2020,1787703.58
08/03/2023,1787272.17
06/29/2020,1785281.87
06/23/2023,1784412.06
09/15/2021,1784117.2
06/16/2015,1784064.28
08/03/2021,1783122.58
08/04/2021,1782963.46
06/15/2021,1781597.4
03/10/2021,1781370.65
07/10/2023,1780470.12
06/09/2020,1780252.04
10/02/2013,1779645.1199999999
11/17/2014,1778952.18
01/27/2014,1778703.57
06/14/2023,1778655.72
02/13/2023,1777997.17
06/26/2020,1777985.8
11/12/2014,1777758.8800000001
12/24/2019,1776876.84
12/17/2021,1776849.25
10/19/2023,1776295.42
11/26/2018,1775409.66
12/26/2015,1774953.32
11/17/2022,1774104.91
05/25/2021,1773929.46
02/09/2015,1773242.98
11/20/2019,1772961.55
09/01/2023,1772855.36
12/09/2015,1772517.42
02/07/2023,1772271.26
05/22/2023,1770199.55
02/10/2021,1769590.4
02/28/2024,1769448.04
08/07/2023,1768801.42
08/24/2022,1768455.75
08/04/2020,1768273.02
12/11/2018,1767821.67
12/18/2017,1767611.46
12/30/2022,1767240.85
10/16/2020,1766558.5
06/30/2022,1766418.31
11/25/2019,1766044.72
12/02/2021,1765828.4
10/16/2019,1764989.5
05/19/2020,1764976.01
05/27/2021,1764885.83
06/26/2024,1764484.14
09/29/2014,1764264.01
05/07/2019,1764121.7
12/12/2017,1763676.09
04/18/2022,1763567.22
04/28/2014,1761996.94
04/29/2015,1761944.04
11/24/2023,1761917.85
03/13/2023,1761889.29
06/12/2023,1761261.32
01/25/2021,1761177.95
10/03/2017,1760824.53
05/09/2022,1760795.05
08/02/2018,1760410.72
10/07/2022,1759749.16
12/04/2018,1757201.11
09/10/2020,1757186.25
05/28/2019,1756511.12
09/16/2021,1756071.42
10/13/2021,1755615.44
06/07/2022,1755263.41
04/10/2020,1754879.41
07/12/2023,1754494.87
05/02/2018,1754424.19
09/14/2015,1754253.76
01/25/2023,1753658.34
10/24/2018,1753336.89
10/20/2020,1752283.3
10/23/2018,1751747.95
06/03/2024,1751743.2
10/28/2021,1751413.74
11/05/2014,1751383.73
06/21/2021,1750796.82
10/14/2021,1750529.02
05/15/2020,1750443.93
02/10/2014,1749270.34
09/07/2022,1748286.74
04/04/2022,1747552.79
06/12/2024,1747461.49
12/28/2017,1747348.18
12/27/2013,1747126.77
08/22/2022,1745984.55
12/01/2016,1745649.04
09/02/2022,1745318.92
12/12/2012,1744959.82
05/27/2020,1744127.04
03/25/2020,1743635.68
09/08/2020,1743385.19
12/30/2021,1743249.3
05/19/2022,1743109.81
04/03/2024,1743063.44
10/20/2021,1742838.79
03/06/2019,1742242.28
12/22/2022,1741897.06
12/14/2023,1741514.03
04/09/2024,1741305.29
04/26/2023,1740562.95
07/24/2023,1740215.5
06/20/2022,1740213.99
05/17/2022,1740009.74
06/24/2024,1739943.43
11/19/2018,1739578.35
10/19/2020,1739164.14
02/22/2024,1738626.12
03/07/2019,1738602.25
08/17/2022,1737809.25
11/27/2023,1737339.64
04/04/2024,1736964.22
12/14/2022,1735008.46
07/11/2018,1734482.85
05/10/2021,1734289.85
04/26/2021,1734274.22
08/23/2023,1734001.54
10/15/2019,1733815.47
09/02/2020,1733603.47
10/06/2014,1733579.39
06/02/2014,1731908.6
06/28/2016,1730781.71
08/04/2023,1730444.19
06/24/2019,1729984.02
06/08/2022,1729546.37
09/06/2017,1729272.16
05/08/2024,1728830.02
07/25/2022,1728761.55
06/25/2021,1728571.09
04/15/2024,1727730.96
09/28/2021,1726785.33
01/09/2023,1726702.99
11/28/2018,1726575.0
10/18/2018,1726480.58
06/30/2021,1726026.26
03/25/2021,1725745.68
09/09/2023,1724486.16
11/05/2021,1724182.04
05/25/2023,1723985.51
05/04/2015,1723098.66
12/23/2021,1723094.25
12/27/2017,1721374.67
02/21/2024,1720989.18
01/06/2014,1720150.95
11/15/2022,1720038.25
11/02/2022,1719851.74
11/13/2019,1719453.96
12/04/2020,1719299.05
05/08/2020,1719260.19
02/26/2024,1718437.74
06/19/2023,1717682.87
11/04/2022,1717319.53
09/08/2021,1716770.24
09/12/2022,1716449.65
10/09/2018,1716418.15
10/17/2023,1716364.57
12/26/2017,1716120.61
06/24/2021,1716083.83
07/30/2021,1715022.66
05/26/2023,1714964.66
07/29/2020,1714588.1
05/14/2024,1714362.21
04/20/2022,1713815.92
04/29/2024,1713736.51
04/17/2023,1713090.73
03/17/2022,1713026.24
12/15/2014,1711566.8
11/06/2018,1710519.99
09/11/2023,1710290.46
05/26/2022,1710248.31
11/23/2022,1708089.19
07/13/2022,1707943.37
01/05/2022,1707491.94
02/01/2022,1707407.91
12/15/2023,1706968.84
01/30/2023,1706730.33
09/15/2020,1706477.67
10/18/2021,1706314.98
09/29/2023,1705480.12
04/16/2024,1705414.12
08/27/2014,1704892.44
04/07/2023,1703910.1
03/13/2024,1703874.51
09/28/2020,1703077.6
05/01/2024,1702238.0
05/15/2023,1702180.72
12/26/2014,1701292.11
10/19/2015,1698141.22
05/09/2023,1696141.89
09/05/2018,1694987.59
07/21/2022,1694460.18
06/25/2019,1694118.92
04/08/2020,1694065.87
07/11/2016,1692785.21
10/05/2020,1692643.84
12/07/2016,1691619.81
04/05/2024,1691565.32
09/15/2016,1691551.43
08/27/2021,1691455.56
10/27/2022,1690763.39
12/02/2015,1690753.5
12/24/2020,1690339.31
03/26/2024,1690254.28
05/17/2023,1690092.88
08/28/2019,1689945.42
04/19/2021,1689773.55
07/20/2022,1689760.94
12/17/2012,1689662.89
10/15/2018,1689655.63
12/24/2021,1689555.2
12/14/2020,1689043.77
03/12/2024,1688790.74
12/29/2023,1688656.87
12/16/2019,1688563.53
08/10/2021,1688245.17
04/20/2023,1687521.95
12/03/2019,1687055.07
08/26/2013,1686584.46
03/30/2021,1686287.18
12/01/2021,1685398.44
06/13/2023,1685246.16
06/20/2024,1685104.53
05/19/2023,1685013.25
11/11/2022,1684343.0
08/31/2018,1684335.37
10/17/2018,1683205.89
11/07/2018,1683002.16
02/27/2024,1682701.47
11/04/2020,1682570.54
11/20/2020,1682352.38
10/30/2018,1682336.68
11/20/2023,1682043.25
12/21/2015,1681823.7
08/29/2022,1681170.62
10/05/2015,1680707.91
05/02/2023,1680500.89
12/10/2019,1680152.95
06/07/2021,1680043.34
11/17/2023,1679974.47
12/16/2013,1679791.77
03/23/2021,1679543.92
10/27/2023,1679307.92
11/05/2018,1678948.86
04/27/2021,1678695.32
08/14/2023,1678560.69
05/08/2023,1678361.17
10/12/2017,1677770.99
04/11/2024,1677639.57
03/07/2016,1677526.67
10/27/2021,1677441.03
02/27/2023,1677252.38
04/07/2021,1677223.41
12/20/2017,1676118.0
01/10/2024,1676053.79
11/03/2021,1674316.61
02/02/2022,1672958.06
10/24/2017,1672935.23
11/12/2018,1672130.97
07/07/2022,1671044.05
04/27/2022,1670488.81
01/08/2024,1670210.86
03/08/2021,1669859.96
11/26/2019,1669535.4
11/06/2020,1667008.4
06/02/2022,1665273.5
11/21/2016,1664943.05
03/05/2024,1664220.35
04/10/2023,1664163.5
03/16/2022,1663479.88
06/19/2020,1663312.23
10/08/2014,1662957.96
02/17/2021,1662491.04
06/17/2020,1662425.54
03/07/2023,1662036.36
03/27/2023,1661817.76
02/03/2021,1661556.62
08/26/2019,1661417.66
06/25/2013,1661252.26
04/30/2018,1661180.34
03/01/2024,1661159.06
06/06/2022,1660463.72
12/18/2012,1659771.95
05/13/2022,1659689.27
06/17/2015,1659343.58
09/06/2018,1659309.7
10/31/2022,1659160.17
07/14/2023,1658889.92
11/19/2019,1658759.98
06/13/2016,1658600.34
09/02/2015,1658580.01
05/07/2021,1658303.68
04/04/2016,1656028.61
10/18/2023,1655248.85
02/22/2021,1653981.42
01/03/2020,1653254.83
09/22/2022,1652839.01
05/16/2022,1651572.39
11/27/2018,1651539.4
03/29/2023,1649083.59
08/05/2020,1648839.56
07/07/2014,1647408.45
12/31/2018,1647292.69
08/11/2014,1647165.89
01/24/2019,1646663.34
10/14/2022,1646656.26
07/21/2023,1646238.03
05/14/2019,1646035.63
04/16/2021,1645425.36
01/04/2023,1645143.96
09/28/2015,1644488.63
06/30/2023,1644422.45
10/03/2018,1644250.13
02/07/2022,1644048.02
02/11/2019,1643958.53
08/11/2022,1643739.95
03/18/2015,1643359.24
04/28/2022,1642406.74
07/27/2015,1642297.59
04/25/2022,1642219.66
02/12/2024,1642057.17
06/08/2020,1641942.75
12/04/2013,1641336.3
09/23/2022,1641218.77
03/17/2021,1640123.21
11/09/2015,1640017.67
09/21/2022,1639938.66
09/07/2021,1639587.14
05/01/2023,1639266.48
03/19/2021,1638505.73
07/29/2019,1637548.35
10/21/2022,1637298.84
11/15/2023,1637235.6
09/14/2020,1637194.52
05/25/2018,1636905.36
12/26/2023,1636661.01
03/10/2014,1636169.92
04/12/2023,1636105.05
05/26/2017,1635604.1
12/12/2016,1635216.15
08/24/2020,1635031.64
06/24/2013,1634721.77
03/31/2023,1634653.83
02/07/2019,1634425.48
07/02/2021,1634330.16
06/15/2023,1633881.8
12/24/2012,1633789.55
07/12/2022,1633629.92
12/21/2020,1632791.41
11/16/2020,1632265.51
11/08/2017,1632155.41
10/30/2019,1631951.61
09/18/2023,1631293.32
08/15/2023,1631269.15
02/15/2023,1631267.29
11/11/2021,1630839.3
12/22/2014,1630396.61
01/19/2022,1630226.9
10/23/2023,1630210.84
07/26/2019,1629886.92
06/09/2023,1629831.39
04/21/2020,1629792.17
05/22/2019,1628613.16
12/15/2015,1628129.48
10/12/2012,1627760.78
11/19/2014,1627751.66
09/28/2022,1627718.68
12/09/2013,1626778.66
08/27/2018,1626692.55
09/21/2020,1626383.91
10/25/2021,1626178.57
03/25/2022,1626147.29
11/12/2021,1625849.11
08/24/2015,1625847.87
10/23/2017,1625636.58
03/09/2015,1625195.16
08/27/2019,1624928.98
09/04/2020,1624408.01
03/22/2023,1624332.19
06/26/2017,1624229.67
10/13/2015,1623979.87
06/28/2018,1623592.3
02/04/2022,1623101.82
07/21/2020,1622764.56
10/27/2014,1622529.9
06/22/2021,1622496.01
07/14/2020,1622430.21
12/06/2017,1622266.43
09/28/2023,1621873.46
05/09/2016,1621742.36
09/14/2022,1620705.02
08/10/2020,1620525.55
11/20/2017,1620510.0
10/30/2020,1620373.24
01/25/2016,1620354.93
04/02/2024,1620339.97
05/16/2023,1620262.69
01/05/2015,1620159.45
04/05/2022,1620025.76
09/13/2021,1619743.22
04/29/2020,1619728.37
07/08/2020,1619661.54
06/25/2018,1619439.94
10/01/2015,1619427.52
03/29/2024,1618990.75
12/16/2015,1618905.4
03/04/2024,1618534.83
06/01/2020,1618407.38
03/20/2020,1618001.4
10/08/2020,1617824.11
01/08/2018,1617772.23
10/09/2019,1616988.76
10/24/2022,1616632.48
06/15/2020,1616600.84
08/01/2018,1616479.56
03/10/2023,1615936.22
10/07/2019,1615793.66
10/10/2017,1615625.45
06/29/2021,1615266.23
03/24/2020,1614978.82
07/27/2023,1614962.4
12/11/2019,1614598.22
11/08/2022,1614134.84
08/17/2021,1613576.15
04/13/2021,1613457.05
10/16/2013,1612912.72
08/21/2023,1612896.27
04/11/2022,1612400.68
12/12/2023,1612359.47
02/01/2016,1612232.42
05/06/2022,1612170.9
09/10/2012,1611737.4
07/14/2022,1611614.09
11/07/2017,1611319.79
11/18/2020,1611309.15
05/18/2020,1611272.78
11/16/2016,1610596.16
07/15/2020,1609386.81
09/25/2020,1609092.23
01/16/2023,1608974.57
02/08/2023,1608844.62
04/04/2023,1608554.01
12/03/2021,1608275.03
11/02/2015,1607816.59
08/11/2023,1607764.86
03/09/2023,1606963.45
10/12/2020,1606889.3
10/15/2021,1606788.57
07/01/2019,1606352.35
07/05/2022,1606048.89
05/30/2018,1606036.85
05/14/2021,1605599.64
01/20/2021,1605452.11
12/21/2023,1604968.96
11/28/2022,1604737.05
05/05/2014,1604439.05
10/20/2015,1604343.31
06/17/2022,1604282.13
05/17/2019,1604094.51
01/29/2014,1603993.93
07/07/2020,1603740.8
11/06/2019,1603162.57
12/07/2020,1601779.55
05/22/2017,1601375.72
07/28/2023,1601050.37
05/20/2015,1600900.74
12/27/2012,1600865.22
02/17/2022,1600698.01
04/21/2022,1600416.92
10/08/2018,1600139.96
11/02/2020,1599344.01
05/27/2022,1599061.52
08/03/2015,1598865.8
03/12/2021,1598715.67
07/30/2018,1598416.41
09/18/2017,1598240.71
03/09/2020,1597744.19
04/29/2022,1597436.09
10/26/2023,1597319.48
06/09/2022,1596680.56
12/20/2016,1596509.63
02/25/2021,1596463.69
12/13/2017,1596387.57
11/08/2021,1596379.06
07/22/2022,1596372.07
09/27/2023,1596121.91
07/28/2021,1596058.06
04/19/2022,1596033.25
02/03/2023,1594507.84
12/28/2015,1594252.12
11/16/2015,1593971.95
10/17/2022,1593587.12
04/11/2016,1593516.22
02/08/2021,1593382.45
11/16/2017,1592945.9
04/03/2020,1592826.22
07/20/2023,1591866.23
07/31/2023,1591832.28
01/27/2021,1591623.22
10/20/2022,1591392.36
10/23/2020,1590232.88
06/13/2022,1589248.0
06/13/2024,1588718.22
07/29/2013,1588529.08
06/11/2024,1588497.88
10/22/2014,1588398.28
10/25/2023,1587680.71
10/29/2014,1587663.06
05/04/2020,1587382.32
01/31/2024,1586861.38
05/02/2016,1586678.88
06/06/2024,1586573.98
04/14/2023,1586562.78
12/29/2021,1585982.23
12/18/2013,1585896.64
08/04/2014,1585866.18
04/28/2023,1585851.57
06/27/2013,1585419.64
04/27/2020,1585277.71
06/14/2018,1584630.0
04/14/2014,1584629.58
07/28/2022,1584464.56
01/12/2023,1584008.43
10/20/2016,1583947.94
01/04/2016,1583927.94
03/11/2021,1583114.96
11/01/2023,1583024.45
12/26/2016,1582694.03
01/13/2021,1582649.79
08/19/2020,1582608.24
08/21/2020,1582555.38
07/13/2015,1582367.16
09/12/2017,1582324.15
01/04/2021,1581358.57
03/18/2021,1581211.75
12/09/2019,1580981.33
10/09/2020,1580789.2
11/10/2020,1580256.83
04/10/2024,1580198.02
01/18/2023,1580026.45
08/05/2021,1579926.35
08/31/2020,1579890.35
12/17/2020,1579632.6
05/17/2021,1579152.68
12/11/2017,1578942.02
05/23/2018,1578791.21
01/05/2023,1578681.4
03/17/2015,1578640.15
02/19/2020,1578597.43
04/27/2023,1577167.7
06/05/2020,1577025.68
11/30/2022,1576202.13
03/11/2022,1575828.76
10/16/2023,1575733.36
09/22/2023,1574702.64
02/15/2021,1574625.88
10/02/2020,1574583.93
06/06/2018,1574148.27
05/03/2022,1573824.46
04/17/2020,1573389.91
10/22/2021,1573283.95
10/17/2012,1573262.49
11/13/2020,1573218.02
06/21/2016,1573108.46
03/04/2019,1573056.95
09/13/2017,1572664.18
03/12/2019,1572620.88
10/22/2018,1571894.33
07/01/2021,1571541.63
04/09/2014,1571183.52
02/11/2021,1570981.83
06/16/2023,1570798.47
04/01/2022,1570489.26
10/06/2015,1570393.48
07/14/2014,1570356.11
07/18/2023,1570225.68
10/11/2018,1569550.97
06/20/2023,1569521.05
02/15/2024,1569370.11
07/10/2018,1568662.61
09/10/2018,1567663.11
05/12/2014,1566964.22
03/14/2022,1566623.65
10/10/2016,1566088.38
05/11/2017,1565936.02
05/23/2016,1565933.82
09/09/2022,1565876.93
03/06/2017,1564174.2
12/04/2019,1564133.59
04/30/2024,1563984.27
08/05/2013,1563910.39
04/20/2021,1563503.3699999999
11/15/2017,1563447.54
10/17/2017,1563424.23
07/11/2023,1563151.93
12/29/2015,1563117.84
08/07/2020,1562026.22
09/03/2021,1561424.17
01/28/2019,1561394.19
05/06/2020,1561039.07
10/07/2015,1560772.63
06/12/2017,1560590.45
04/23/2024,1560548.85
10/29/2018,1560375.43
06/03/2019,1560323.66
12/06/2019,1559968.44
02/09/2017,1559709.03
12/11/2012,1559604.86
10/26/2021,1559287.37
11/15/2021,1558306.47
07/26/2018,1558137.68
08/26/2021,1557687.61
06/10/2022,1557137.64
07/29/2015,1557104.47
10/21/2021,1556667.71
03/16/2020,1556469.94
05/20/2022,1555820.11
03/27/2024,1555763.5
01/22/2024,1555559.42
08/28/2018,1554824.78
05/03/2021,1554484.0
04/08/2022,1554470.51
08/23/2022,1553832.5
06/26/2018,1553687.48
02/24/2014,1552660.69
12/20/2012,1552395.18
05/11/2022,1552360.76
04/13/2020,1551642.6
02/04/2015,1551489.35
07/30/2019,1551445.95
04/15/2021,1550966.86
07/03/2020,1550056.05
08/28/2013,1549730.42
08/26/2015,1549418.18
03/26/2021,1549113.33
09/14/2021,1548085.04
07/11/2022,1548002.01
11/23/2020,1547948.47
03/21/2022,1547511.1
02/25/2020,1547468.09
12/23/2020,1547386.43
10/31/2023,1547179.62
02/06/2017,1547137.61
06/22/2015,1546989.68
06/13/2012,1546327.81
06/19/2024,1545394.78
08/19/2022,1545197.6
10/11/2017,1544831.99
04/12/2018,1544693.8800000001
05/13/2021,1543491.16
05/03/2017,1542945.05
03/05/2019,1542573.31
05/08/2018,1542488.74
01/18/2021,1542216.33
02/01/2023,1541984.17
02/20/2023,1541746.85
03/10/2020,1540973.93
10/31/2016,1540779.86
05/09/2024,1540440.48
12/01/2020,1540142.97
09/17/2014,1539998.8
04/22/2021,1539151.4
12/14/2017,1539016.08
12/19/2017,1538511.12
08/30/2021,1538221.04
03/21/2024,1538127.44
04/18/2016,1537747.69
04/09/2021,1537112.65
12/27/2021,1536397.31
10/30/2017,1536213.49
12/13/2012,1536172.24
10/03/2013,1536121.49
07/19/2022,1535861.73
06/13/2018,1535613.75
08/25/2022,1534618.61
10/01/2018,1534133.18
05/07/2018,1534080.68
09/15/2014,1533882.84
05/16/2016,1533866.32
10/26/2015,1533296.79
01/27/2023,1533242.43
05/26/2020,1533164.58
06/22/2023,1533128.41
08/14/2017,1532364.17
03/18/2020,1531957.95
11/06/2023,1531360.13
06/04/2012,1531158.4
04/06/2016,1530961.11
11/01/2022,1530267.39
09/04/2018,1530024.06
10/18/2022,1529980.67
06/10/2020,1529775.1
04/11/2018,1529642.09
04/01/2024,1529489.17
10/28/2022,1529021.0
10/09/2017,1528947.4
05/14/2018,1528810.47
05/10/2022,1528301.63
01/26/2015,1528104.65
02/04/2019,1527947.31
07/06/2020,1527764.26
12/19/2012,1527554.15
04/09/2018,1527496.58
11/05/2019,1527290.52
04/29/2013,1526626.48
08/29/2018,1526090.77
02/08/2022,1525938.18
09/14/2017,1525855.7
09/15/2023,1524780.45
09/25/2019,1524745.95
06/08/2021,1524100.84
12/10/2012,1524023.81
01/13/2023,1523588.93
03/11/2020,1523174.99
04/26/2022,1523047.61
11/18/2013,1523007.91
03/24/2023,1522830.24
09/24/2020,1522643.4
06/27/2014,1522254.29
06/01/2021,1522244.45
04/08/2024,1521509.03
02/03/2022,1521285.48
07/18/2022,1521218.64
07/17/2017,1520902.98
04/13/2023,1520432.86
08/25/2014,1519971.73
05/10/2023,1519892.17
10/21/2020,1519835.71
05/20/2021,1519122.3
10/15/2020,1518955.98
01/05/2021,1518038.91
09/16/2020,1517931.13
03/22/2021,1517556.37
10/29/2019,1517449.81
10/01/2021,1516725.55
02/01/2024,1515638.56
06/25/2014,1514883.6
02/04/2020,1514838.2
01/12/2021,1514432.61
12/13/2019,1513882.65
06/12/2020,1513553.43
10/07/2014,1513303.58
05/01/2020,1512877.94
05/11/2020,1512626.94
11/30/2023,1512370.79
11/02/2021,1512087.73
11/20/2018,1512026.04
12/15/2016,1512006.23
10/21/2015,1511037.54
09/16/2022,1510497.09
09/20/2022,1510307.37
12/08/2016,1510244.78
10/02/2012,1510205.44
03/28/2023,1509925.97
06/05/2018,1509894.16
01/17/2024,1509654.38
12/31/2020,1509374.57
04/01/2021,1509263.58
01/11/2023,1508471.17
07/13/2020,1508467.68
02/18/2021,1507146.65
03/05/2018,1506980.92
02/17/2023,1506136.74
06/29/2015,1506049.65
03/16/2021,1505930.5
08/07/2018,1505744.89
12/09/2014,1505511.49
06/28/2012,1505475.21
02/01/2021,1505470.88
05/03/2018,1505458.29
05/01/2018,1504674.19
09/15/2022,1504534.21
03/15/2023,1504238.77
07/22/2021,1503875.96
11/08/2018,1503848.09
02/06/2018,1503388.9
02/16/2023,1502714.2
04/05/2021,1502569.09
07/05/2023,1502048.79
03/13/2017,1501763.99
08/17/2023,1501738.43
04/28/2015,1501422.21
07/01/2022,1501382.59
03/03/2014,1500108.48
09/03/2019,1499889.43
08/18/2023,1499884.38
03/19/2024,1499050.93
06/08/2017,1498031.8
07/10/2017,1497158.87
06/25/2020,1496440.84
03/13/2019,1496118.69
07/18/2018,1495985.72
07/06/2015,1495832.98
12/21/2017,1494381.2
08/18/2021,1494095.8800000001
05/24/2016,1493828.13
03/02/2023,1493280.51
08/06/2014,1493231.43
12/03/2015,1492944.45
03/23/2022,1492709.35
06/29/2016,1492695.1
03/15/2022,1492448.64
07/13/2021,1492227.6
11/27/2017,1492189.95
08/30/2017,1492080.86
02/24/2023,1491983.26
06/14/2017,1491640.65
09/30/2020,1491223.24
10/19/2017,1490910.83
10/11/2019,1490885.89
11/13/2018,1490397.9
11/09/2020,1490374.94
07/27/2017,1490071.87
08/12/2013,1490051.56
08/19/2013,1489884.09
08/20/2018,1489731.75
10/08/2021,1488670.92
12/01/2023,1488445.38
09/11/2018,1488416.39
04/29/2021,1488218.31
03/15/2021,1488086.64
02/22/2022,1488010.05
08/17/2020,1487533.13
02/05/2018,1486798.68
07/21/2014,1486664.7
09/20/2023,1486466.5
09/06/2012,1485902.41
01/09/2017,1485861.27
07/27/2020,1485498.93
10/25/2017,1485239.02
03/23/2023,1484979.69
08/06/2018,1484696.61
06/12/2018,1483751.25
07/28/2015,1483507.92
07/20/2020,1483260.43
11/10/2016,1482574.19
12/03/2012,1482527.89
09/27/2022,1482110.82
05/09/2018,1482036.96
09/14/2023,1481295.02
06/20/2016,1480741.47
03/18/2024,1480638.27
04/22/2022,1480516.0
02/15/2022,1480270.48
08/24/2023,1479914.14
01/23/2023,1479863.3
05/20/2020,1479828.19
02/14/2022,1479501.72
06/22/2022,1479255.22
03/01/2023,1479159.46
06/26/2014,1478895.96
02/02/2015,1478034.04
11/11/2020,1477172.42
01/27/2022,1477126.93
10/10/2019,1476968.55
05/10/2017,1476607.68
06/17/2021,1476200.53
07/02/2013,1475938.22
11/28/2016,1475061.58
09/09/2015,1474739.8
09/08/2016,1474666.59
04/06/2015,1474513.72
04/05/2018,1474056.36
03/31/2014,1473947.39
10/04/2017,1473727.9
07/26/2021,1473653.87
04/04/2019,1471746.59
03/11/2019,1471385.33
05/22/2020,1471290.54
10/09/2012,1471149.32
10/16/2012,1471069.15
09/21/2015,1470904.32
05/31/2018,1470362.23
10/24/2012,1469967.69
01/07/2015,1469089.41
03/20/2023,1468974.55
10/28/2015,1468871.22
03/27/2020,1468819.42
06/07/2018,1468222.15
03/21/2016,1467860.71
06/14/2022,1467482.76
10/22/2019,1467410.38
12/29/2016,1467371.8
03/04/2020,1466217.61
09/17/2019,1466151.05
10/17/2016,1465950.95
09/30/2022,1465734.84
12/28/2016,1465224.24
02/17/2016,1465173.01
06/26/2023,1464884.94
09/07/2017,1464601.81
10/25/2022,1463623.77
02/08/2016,1463144.28
07/10/2013,1462924.61
09/03/2013,1461722.45
08/03/2020,1461700.2
05/29/2018,1461407.67
01/15/2024,1461199.69
01/08/2014,1460756.85
12/19/2019,1460431.06
09/26/2019,1459941.45
04/06/2017,1459602.44
04/27/2016,1459583.51
06/11/2014,1459411.95
08/12/2021,1459296.51
05/15/2024,1459270.72
12/14/2016,1458195.46
07/22/2020,1457937.45
08/09/2018,1457717.85
01/09/2024,1457617.92
12/08/2015,1457008.66
05/21/2019,1456911.2
02/21/2022,1456440.78
08/21/2017,1456406.92
05/08/2017,1456267.75
10/25/2018,1456214.11
12/05/2016,1456084.67
10/17/2019,1455853.32
11/08/2019,1455409.33
08/06/2021,1455120.13
05/04/2022,1455030.91
02/03/2014,1454487.12
08/08/2018,1454189.04
06/27/2019,1453621.85
09/04/2012,1453570.82
02/03/2020,1452781.01
04/12/2017,1452323.8
04/17/2017,1452064.51
10/04/2012,1452028.5
09/02/2021,1451137.49
04/10/2017,1451072.31
05/13/2020,1450922.92
01/10/2022,1450661.6
07/23/2021,1450391.16
03/31/2020,1450194.56
08/28/2012,1450087.57
11/04/2019,1449504.51
06/15/2017,1449387.77
04/11/2023,1449191.56
06/11/2018,1449129.46
01/21/2021,1449094.71
06/03/2020,1448962.37
09/09/2013,1448919.05
06/01/2017,1448849.23
03/31/2022,1448003.79
05/04/2016,1447865.7
08/14/2018,1446906.64
08/14/2020,1446816.7
10/02/2019,1446691.42
01/30/2024,1446654.93
12/19/2013,1446463.17
02/18/2022,1445856.88
06/19/2017,1445388.17
05/30/2019,1444913.77
05/03/2016,1444726.57
08/15/2018,1444360.25
06/08/2015,1444129.03
03/17/2020,1444017.86
02/11/2022,1443952.09
02/13/2017,1443685.61
11/04/2015,1443626.34
05/11/2015,1443532.63
07/12/2017,1441961.15
05/22/2018,1441692.14
07/23/2018,1441220.3
10/31/2018,1440727.15
06/11/2019,1440614.03
11/27/2012,1440133.56
04/10/2019,1439766.78
06/19/2019,1439622.54
03/08/2018,1439538.08
05/15/2017,1439488.13
01/11/2021,1439213.48
10/27/2016,1439186.34
02/20/2024,1439118.22
08/22/2023,1438980.4
08/10/2023,1438826.25
02/02/2021,1438759.86
10/05/2016,1438565.31
09/19/2018,1438510.88
02/02/2016,1438495.31
05/19/2014,1437639.95
02/02/2023,1436457.48
05/02/2019,1436057.45
03/09/2016,1435466.48
06/29/2017,1435436.48
09/30/2015,1435401.37
07/31/2020,1435399.63
11/26/2012,1435254.83
06/11/2012,1434637.02
03/23/2020,1434237.42
06/24/2015,1434154.46
07/02/2019,1434085.84
06/04/2021,1434051.71
03/17/2014,1433578.22
10/24/2023,1432903.57
05/06/2015,1432551.59
07/09/2018,1432444.19
07/26/2022,1432386.64
02/12/2020,1432302.05
10/01/2019,1431694.99
07/24/2020,1431470.88
12/05/2019,1431447.91
07/02/2020,1431363.66
02/23/2021,1431357.28
01/20/2023,1431250.32
08/31/2015,1430669.13
03/14/2016,1430356.25
07/10/2019,1430253.48
09/11/2012,1430173.32
06/04/2019,1429802.24
04/20/2020,1429677.28
10/08/2012,1429477.18
06/21/2022,1428963.36
11/30/2020,1428941.49
03/06/2018,1428898.13
06/16/2014,1428708.45
11/13/2013,1428538.8
04/20/2015,1428410.29
05/20/2019,1428175.59
01/03/2022,1428152.44
02/25/2019,1428118.49
10/04/2019,1427771.03
04/06/2021,1427465.18
09/07/2016,1427464.89
06/12/2019,1427289.65
07/15/2022,1426914.58
07/27/2021,1426149.3
04/04/2018,1426138.79
03/22/2022,1425913.91
05/28/2014,1425817.23
05/10/2018,1425485.44
09/17/2018,1425381.24
02/07/2018,1425122.82
05/10/2024,1424969.69
10/21/2013,1424894.33
09/13/2022,1424654.45
06/03/2023,1424375.15
08/25/2015,1424299.31
11/07/2016,1424187.22
10/20/2014,1424175.66
11/01/2017,1423954.04
10/11/2012,1423649.05
11/14/2016,1423486.15
04/10/2018,1422717.95
09/24/2021,1422701.34
07/08/2022,1421615.39
02/22/2016,1421363.19
10/28/2013,1421089.48
04/12/2021,1420255.71
01/21/2015,1420175.4
03/18/2022,1419587.26
06/14/2024,1419482.17
02/09/2022,1418184.78
08/20/2014,1418117.45
05/22/2012,1418006.95
12/04/2014,1417945.16
03/20/2024,1417747.8
11/29/2022,1417392.97
08/29/2019,1417327.11
12/30/2019,1417040.72
06/07/2016,1416456.35
06/22/2016,1416284.27
04/13/2022,1416195.89
12/11/2013,1415891.61
05/21/2013,1415749.13
04/09/2013,1415473.55
02/06/2019,1415435.49
05/12/2022,1415335.25
08/29/2013,1415326.05
05/27/2015,1415291.66
06/28/2019,1414892.62
10/29/2020,1414487.91
12/02/2014,1414175.84
01/26/2023,1413687.8
01/27/2016,1413625.4
07/25/2018,1413395.78
02/16/2015,1412965.72
08/11/2020,1412567.18
09/17/2021,1412347.23
12/02/2020,1411384.86
05/21/2024,1410715.18
02/24/2021,1410707.57
04/03/2018,1410681.64
07/07/2015,1410673.41
07/28/2014,1410474.89
03/14/2019,1410286.68
06/19/2012,1410200.91
10/18/2017,1409580.11
10/28/2019,1409197.75
06/08/2016,1408871.71
06/23/2021,1407764.38
02/10/2023,1407730.81
11/10/2015,1407532.36
05/18/2017,1407260.91
07/24/2017,1407041.74
12/30/2013,1406700.72
11/29/2017,1406637.74
05/07/2013,1405802.45
03/19/2018,1405801.1
09/30/2019,1405290.37
02/14/2023,1405267.63
12/16/2022,1405047.55
10/15/2012,1404765.85
08/07/2017,1404717.73
08/12/2022,1404689.4
08/17/2015,1404085.62
12/13/2021,1403711.15
02/23/2015,1403683.2
07/15/2021,1403616.36
03/30/2023,1403546.55
04/15/2022,1402625.11
12/28/2020,1402609.64
12/18/2015,1402383.81
04/17/2019,1402336.29
01/26/2021,1402060.05
02/18/2019,1401446.3
11/11/2019,1401068.73
08/13/2018,1400060.93
04/03/2017,1400007.46
08/08/2023,1399881.78
04/02/2014,1399464.05
01/07/2019,1399260.84
09/24/2018,1398999.51
05/14/2015,1398939.51
06/05/2019,1398680.82
03/12/2018,1397710.32
11/06/2017,1397280.64
06/25/2012,1397248.4
09/09/2014,1397094.81
04/02/2018,1397071.66
09/30/2013,1396854.52
11/20/2015,1395914.18
01/26/2022,1395208.25
09/05/2013,1395094.68
07/25/2016,1394916.67
03/02/2020,1394668.5
05/17/2024,1394491.49
04/23/2021,1394467.09
04/18/2023,1394465.29
07/20/2015,1394192.11
04/08/2019,1394035.16
02/05/2021,1393699.31
01/17/2023,1393346.39
11/11/2015,1393007.57
08/16/2021,1392302.5
06/18/2021,1392239.67
02/20/2019,1392101.6
03/28/2022,1391764.25
05/31/2017,1391492.1199999999
06/07/2017,1391120.88
09/12/2023,1391043.6
03/02/2015,1391041.11
05/28/2021,1390995.31
11/14/2017,1390987.2
05/23/2013,1390958.72
02/21/2019,1390954.24
05/11/2016,1390873.21
10/27/2015,1390676.52
04/12/2022,1388392.9
05/11/2021,1388273.58
03/03/2020,1388124.53
04/03/2019,1388014.6
05/23/2022,1387695.43
07/12/2019,1387310.41
10/03/2019,1387171.68
08/01/2019,1387049.03
04/22/2024,1387026.22
05/24/2019,1386874.47
03/09/2021,1386615.24
01/06/2021,1385964.75
10/23/2013,1385787.78
02/24/2020,1385632.18
06/28/2024,1385597.03
03/29/2018,1385185.44
06/23/2015,1384971.68
07/16/2018,1384964.42
03/17/2023,1384126.33
10/18/2019,1384122.12
02/08/2018,1384093.96
11/28/2017,1383712.17
04/23/2018,1383215.25
03/30/2015,1382713.76
05/21/2018,1382700.13
04/26/2016,1382510.26
06/14/2016,1382447.6
06/21/2024,1382020.46
02/26/2019,1381871.96
08/19/2015,1381585.58
08/20/2020,1381324.25
07/31/2018,1381236.25
11/18/2014,1381024.54
05/23/2019,1380847.77
11/27/2019,1380452.89
04/08/2013,1380365.08
07/30/2020,1380218.76
06/10/2015,1379883.56
07/31/2017,1379687.95
06/13/2019,1379341.11
03/11/2024,1379245.03
02/12/2014,1379240.21
06/27/2012,1379116.8
04/30/2013,1378787.8
01/04/2019,1378069.89
12/23/2019,1377860.5
02/05/2014,1377389.74
01/29/2024,1376835.76
03/18/2019,1376112.11
06/27/2017,1376103.81
09/25/2018,1375768.53
12/04/2023,1375573.01
05/06/2019,1375229.7
02/08/2017,1375222.01
11/09/2017,1375199.04
12/10/2015,1375014.27
11/28/2023,1374837.34
01/06/2022,1374753.8
01/21/2022,1374510.71
07/17/2020,1374357.89
07/09/2014,1374098.61
04/26/2019,1373811.94
03/14/2023,1373029.12
03/04/2015,1373017.44
10/18/2012,1372982.56
07/09/2021,1372798.05
06/18/2019,1372486.31
03/06/2020,1371802.77
10/03/2016,1370721.88
05/29/2013,1370709.32
08/02/2017,1370502.51
05/24/2021,1369884.04
04/01/2019,1369872.44
08/28/2023,1369530.95
09/23/2015,1369182.89
07/03/2017,1367660.41
05/10/2016,1366845.27
02/26/2018,1366517.48
09/23/2021,1366349.04
03/07/2018,1366170.45
07/14/2015,1366153.06
04/22/2020,1366141.11
10/29/2021,1365445.31
05/22/2024,1365059.17
07/08/2015,1364937.76
03/26/2018,1364905.05
05/28/2013,1364704.47
04/25/2013,1364542.72
01/22/2021,1364242.18
08/16/2018,1364202.05
11/15/2012,1363946.15
05/21/2014,1363663.44
08/27/2020,1363352.38
08/31/2017,1363311.57
09/12/2018,1363301.15
05/08/2019,1362937.17
12/27/2014,1362795.41
03/29/2022,1362010.92
09/13/2018,1361938.5
08/07/2019,1361649.2
03/04/2021,1361156.71
05/17/2018,1361113.9
07/15/2013,1359971.05
05/24/2017,1359360.03
04/03/2012,1359066.5
02/10/2016,1358273.32
05/18/2016,1357891.72
11/10/2022,1357786.63
05/31/2012,1357144.07
11/13/2017,1357036.18
09/15/2015,1356824.91
07/10/2020,1356719.23
01/28/2021,1356697.16
05/18/2023,1356640.25
07/25/2023,1356400.89
08/30/2012,1355715.57
02/03/2016,1355607.62
09/30/2014,1354932.75
02/15/2016,1354859.22
12/28/2012,1354267.16
03/29/2021,1353510.54
07/06/2021,1353429.3
11/02/2016,1353330.42
09/21/2023,1353313.76
04/25/2018,1353110.77
05/25/2016,1353099.14
02/28/2023,1352406.54
09/11/2019,1351573.61
03/01/2021,1350957.53
01/28/2015,1350504.73
02/13/2024,1349843.81
09/01/2016,1349620.64
09/22/2014,1349307.73
02/13/2013,1349263.57
05/10/2019,1348788.51
10/21/2019,1348749.19
11/09/2016,1348075.22
02/26/2021,1347888.91
01/20/2022,1347868.71
02/27/2017,1347616.33
09/26/2018,1347378.16
09/05/2017,1347298.13
08/08/2016,1347126.68
08/23/2019,1347120.98
12/23/2015,1347044.89
07/08/2013,1346787.46
12/10/2020,1346253.4
02/05/2019,1346193.0
11/29/2019,1345839.01
04/25/2023,1345829.63
05/17/2016,1345420.06
07/19/2017,1344837.26
12/26/2013,1344544.68
09/01/2015,1344521.37
09/29/2015,1344423.29
03/27/2018,1344338.94
03/13/2020,1342548.65
10/24/2016,1342537.75
04/06/2020,1342318.88
10/16/2018,1342298.35
11/01/2019,1342127.42
09/10/2021,1342097.62
08/05/2019,1341806.98
07/05/2017,1340096.83
09/10/2019,1340028.52
04/21/2023,1339810.16
06/03/2022,1339560.95
05/24/2012,1339236.22
06/17/2024,1339121.63
06/04/2014,1338978.48
09/03/2020,1338507.14
03/27/2017,1337537.44
07/05/2018,1337486.79
09/13/2016,1337380.64
10/13/2016,1336952.18
06/28/2022,1336924.02
05/17/2017,1335971.57
01/16/2024,1335963.04
03/28/2016,1335541.89
05/26/2015,1335413.72
08/30/2018,1335330.82
12/17/2015,1335162.57
08/13/2019,1334974.11
07/29/2021,1334799.52
02/25/2015,1334691.44
12/31/2019,1334480.63
11/04/2013,1334461.62
12/26/2022,1334072.57
08/09/2017,1334069.22
02/22/2023,1333811.68
01/28/2022,1333528.54
08/05/2015,1333048.38
04/29/2019,1332735.45
02/29/2024,1332721.83
06/30/2015,1332420.47
01/09/2018,1332082.43
03/05/2014,1331871.6
02/20/2017,1331525.84
09/25/2017,1331473.78
02/10/2015,1331079.33
11/18/2019,1330947.32
04/05/2012,1330486.6
07/16/2014,1330317.32
12/05/2013,1330279.26
03/14/2013,1330096.92
04/24/2018,1329622.04
01/24/2023,1329412.87
04/24/2017,1329363.12
09/09/2019,1328807.82
12/03/2020,1328580.96
07/13/2023,1328553.67
11/11/2013,1328157.94
04/11/2017,1328106.8
12/06/2016,1327965.75
08/12/2019,1327891.86
10/19/2016,1327624.74
06/07/2024,1327313.07
09/27/2017,1327222.15
01/07/2020,1326759.03
09/27/2019,1326391.67
11/14/2019,1326373.41
03/28/2018,1326287.54
06/18/2018,1325904.53
05/13/2019,1325845.41
08/20/2021,1325785.88
04/21/2014,1325509.38
05/07/2014,1324870.89
07/08/2019,1324818.15
05/01/2017,1324032.79
10/25/2019,1323986.59
12/31/2021,1323584.87
02/07/2017,1323527.29
04/01/2015,1322567.0
05/31/2016,1322550.48
08/03/2016,1322405.57
05/03/2012,1322337.72
04/11/2013,1322302.39
11/12/2019,1322072.63
07/19/2018,1321973.91
04/26/2018,1321970.56
07/12/2021,1321858.86
02/04/2021,1321366.96
08/13/2021,1321178.2
08/07/2013,1320868.64
09/12/2012,1320395.11
09/20/2017,1320318.5
01/11/2022,1319970.82
10/10/2013,1319734.65
01/25/2022,1319439.99
04/30/2014,1319012.47
04/11/2019,1318279.08
06/09/2015,1318115.22
08/10/2016,1317953.63
06/20/2018,1317913.79
02/19/2021,1317692.3
07/30/2014,1317109.48
07/15/2019,1317101.52
07/01/2013,1316697.09
10/26/2016,1316660.73
03/25/2024,1315875.04
11/25/2020,1315773.43
06/12/2012,1315022.42
09/06/2019,1314814.38
02/09/2021,1314611.71
06/03/2015,1313328.61
09/24/2014,1312817.94
01/24/2024,1312773.55
03/24/2022,1312414.97
04/30/2021,1312324.97
08/10/2015,1311527.95
04/26/2024,1311491.17
06/18/2012,1311332.72
06/06/2012,1311109.48
02/10/2020,1310838.38
03/20/2017,1310428.67
02/13/2019,1309737.54
04/16/2018,1308753.1
03/01/2017,1308146.78
04/27/2017,1307519.21
11/24/2014,1307352.48
06/04/2020,1306878.25
08/02/2021,1306812.83
07/31/2012,1306662.82
05/16/2017,1306013.05
01/26/2016,1305870.28
08/21/2019,1305551.89
07/15/2015,1305047.76
04/13/2017,1304964.6
11/07/2014,1304779.25
01/02/2020,1304415.68
10/16/2017,1303987.35
03/12/2013,1303736.82
06/21/2019,1302562.87
11/03/2016,1301997.64
02/05/2020,1301797.34
12/30/2015,1301559.6
04/05/2017,1301205.3
06/10/2019,1301077.48
11/05/2020,1300697.46
09/20/2021,1300367.34
10/02/2014,1299917.45
02/12/2021,1299681.91
03/08/2024,1298988.28
04/02/2013,1298772.6199999999
07/17/2018,1298701.52
08/16/2017,1298431.39
03/28/2024,1298181.09
08/21/2018,1297778.25
06/21/2018,1297697.51
08/09/2021,1297144.24
06/06/2019,1296869.57
01/14/2021,1296134.47
09/12/2016,1295643.46
02/22/2018,1295630.38
03/07/2017,1295440.44
01/20/2014,1295314.21
06/26/2015,1295133.17
11/03/2014,1294613.39
05/08/2013,1294433.58
02/26/2020,1294413.57
09/27/2018,1293914.24
11/19/2020,1293913.5
04/04/2013,1293194.94
07/31/2013,1292998.03
09/16/2013,1292983.98
04/13/2015,1292595.86
06/06/2017,1292540.25
06/05/2012,1292452.74
08/21/2013,1292338.37
02/13/2018,1292319.21
05/04/2017,1291154.53
02/27/2019,1291117.13
02/17/2014,1291114.88
03/11/2015,1290926.61
05/31/2013,1290881.2
09/19/2016,1290440.53
11/20/2013,1290353.61
10/23/2019,1290183.34
03/28/2019,1289681.45
06/25/2015,1289419.8
06/21/2017,1288769.97
02/29/2016,1288324.87
01/22/2020,1287721.49
04/14/2021,1287647.46
08/13/2020,1287087.93
07/12/2018,1287052.57
09/04/2019,1285874.29
01/19/2023,1284842.52
10/28/2014,1284775.62
03/09/2017,1284025.66
02/07/2013,1283932.6
04/22/2013,1283056.46
08/07/2012,1282539.05
02/12/2019,1282026.9
10/13/2023,1282001.8
07/28/2016,1281940.77
07/17/2019,1281867.92
02/21/2023,1281864.94
07/16/2021,1281840.37
05/24/2018,1281747.01
01/24/2022,1281469.89
06/01/2016,1280862.43
04/02/2021,1280200.42
10/14/2014,1280178.94
06/10/2013,1279902.96
05/12/2015,1279828.9
09/23/2013,1279463.51
04/18/2018,1279342.03
04/25/2019,1278811.09
05/24/2024,1278505.69
12/11/2014,1278001.45
11/30/2021,1277771.05
02/28/2019,1277719.34
08/23/2021,1277630.96
02/16/2016,1277423.09
09/08/2015,1277370.48
08/22/2018,1277165.71
02/18/2015,1276237.54
12/13/2016,1276214.2
04/13/2016,1275911.22
12/30/2014,1275461.13
05/03/2019,1275276.28
10/09/2013,1275142.45
06/04/2013,1274856.45
05/06/2013,1274427.5
07/22/2013,1273912.79
11/29/2021,1273690.45
07/27/2016,1273374.94
03/07/2013,1273050.28
11/29/2012,1272939.82
12/12/2013,1272273.37
04/19/2016,1271734.87
08/11/2016,1271354.91
09/03/2015,1271259.74
01/08/2021,1270996.97
06/18/2014,1270635.64
12/06/2012,1270591.6
05/13/2013,1270499.49
11/21/2017,1269970.98
02/07/2020,1269653.89
04/10/2012,1269498.96
02/16/2017,1269298.48
11/08/2012,1269140.93
09/20/2018,1269123.97
10/25/2012,1268468.2
02/18/2020,1268431.94
09/16/2019,1267880.0
03/16/2023,1267744.78
07/19/2012,1266948.69
06/02/2015,1266131.82
12/26/2012,1265762.57
10/12/2016,1265211.46
07/26/2017,1265177.99
07/05/2016,1264646.84
10/01/2012,1264646.82
04/22/2015,1263960.81
07/19/2021,1263866.12
05/16/2013,1263363.45
12/18/2014,1263166.53
11/19/2015,1262313.18
09/27/2021,1261687.81
04/19/2023,1260045.04
05/25/2017,1259973.87
08/13/2014,1259959.2
05/05/2015,1259305.24
07/24/2019,1258794.52
02/01/2017,1258590.11
04/22/2019,1258101.96
08/30/2019,1257726.0
10/15/2015,1257554.47
01/10/2023,1257424.57
12/20/2013,1257211.29
04/30/2012,1257198.61
03/16/2017,1257168.84
01/19/2021,1257045.49
04/05/2016,1256907.6
01/15/2021,1256316.9
01/29/2021,1256104.15
04/08/2015,1256089.76
04/24/2024,1255772.29
10/30/2013,1254651.29
07/03/2019,1254210.49
07/01/2014,1254206.59
11/17/2015,1254117.63
02/28/2018,1253769.02
02/14/2019,1253469.79
11/08/2016,1252952.15
06/13/2017,1252887.15
05/20/2013,1252792.6199999999
08/23/2017,1252761.54
03/25/2019,1252424.91
01/15/2018,1252217.13
04/23/2019,1251893.88
02/21/2020,1251757.96
11/23/2015,1251313.81
05/14/2013,1250946.13
07/10/2012,1250649.78
07/24/2018,1250598.05
08/03/2017,1250445.44
03/15/2012,1250212.42
03/03/2015,1250128.62
05/27/2016,1249645.74
06/04/2022,1249598.16
03/14/2018,1249464.94
04/19/2018,1249421.87
03/22/2016,1249381.14
10/26/2017,1249245.13
08/29/2017,1249238.59
08/22/2016,1249071.9
08/19/2019,1248626.91
04/02/2019,1248602.89
08/06/2020,1247801.33
10/31/2019,1247727.06
03/15/2017,1247150.26
05/23/2014,1247146.35
06/19/2018,1246856.8
08/15/2017,1245926.88
11/21/2019,1245727.65
05/29/2012,1245328.75
08/14/2013,1245132.39
01/22/2019,1244763.33
04/15/2015,1243564.84
10/30/2014,1243110.4
04/09/2019,1243091.16
09/13/2019,1242980.29
12/12/2019,1242925.58
05/13/2015,1242592.26
03/21/2023,1242519.44
05/09/2013,1241570.09
02/11/2020,1241412.44
06/06/2013,1241197.31
02/05/2015,1240985.03
04/17/2018,1240567.57
03/12/2014,1240205.42
11/23/2019,1239687.54
12/19/2014,1239647.34
03/02/2017,1239379.68
02/16/2021,1239280.42
09/19/2023,1239107.86
03/08/2017,1239055.55
05/14/2014,1239044.2
09/18/2019,1238854.36
01/12/2022,1238451.69
10/10/2012,1238442.27
03/30/2020,1238151.41
02/24/2016,1238006.05
05/29/2014,1237304.18
01/22/2014,1237097.39
02/26/2014,1236498.56
01/18/2017,1236319.77
09/18/2018,1236290.75
09/25/2023,1236066.18
04/10/2013,1234776.63
12/30/2020,1234413.41
01/07/2021,1234315.84
01/27/2020,1233406.76
05/14/2020,1233304.24
04/12/2012,1232872.57
07/16/2012,1232130.95
09/13/2012,1231391.16
11/03/2015,1231090.76
10/29/2015,1230863.1
02/21/2018,1230754.88
09/14/2016,1230663.84
07/17/2012,1230606.46
01/11/2016,1229380.0
02/14/2013,1229092.22
06/17/2019,1228889.17
07/06/2017,1227459.52
07/06/2016,1226807.97
06/01/2022,1226697.07
12/02/2019,1226688.73
07/02/2012,1226423.9
05/17/2012,1225735.3
06/07/2019,1225645.69
06/30/2016,1225062.59
06/15/2016,1223517.34
04/28/2016,1223162.99
06/05/2021,1223151.65
02/17/2020,1223097.01
11/30/2016,1223089.29
08/15/2016,1222941.53
10/24/2019,1222901.2
01/10/2019,1222790.05
03/11/2013,1222655.2
09/17/2020,1221666.3699999999
03/08/2012,1221587.15
10/22/2012,1221204.43
03/21/2018,1220497.6
01/13/2014,1219851.35
03/24/2014,1219749.57
09/16/2015,1219400.29
11/12/2020,1219153.09
03/23/2016,1219148.41
02/14/2018,1218728.2
08/04/2016,1218530.45
10/04/2016,1218468.47
01/24/2018,1218270.54
11/03/2023,1217924.47
02/02/2012,1217685.09
07/30/2012,1217303.73
10/08/2015,1217291.87
06/07/2012,1217274.35
06/14/2012,1217109.04
05/16/2019,1217019.41
07/20/2017,1216871.97
08/06/2019,1216332.33
05/07/2020,1216151.84
08/04/2015,1215599.54
05/07/2012,1215111.15
07/13/2016,1214898.99
10/23/2012,1214808.1
06/10/2014,1214567.65
11/29/2016,1213773.62
02/28/2020,1213165.44
09/26/2016,1213039.41
05/15/2012,1213015.88
03/22/2024,1212996.3
05/01/2012,1212718.18
03/23/2015,1212611.99
05/02/2013,1211301.75
05/10/2012,1210706.77
12/21/2012,1210661.56
02/15/2018,1210557.84
11/07/2019,1210382.63
07/22/2019,1209573.31
04/18/2013,1208986.29
12/30/2023,1208579.65
03/20/2019,1208331.45
12/31/2012,1208012.55
07/16/2019,1207719.29
06/11/2013,1207406.8
02/12/2018,1207392.57
01/06/2016,1207356.46
05/21/2015,1206513.46
06/26/2013,1206172.92
01/31/2023,1205594.66
04/01/2013,1205010.57
04/20/2016,1204929.05
12/23/2013,1204858.88
04/30/2019,1204420.86
02/19/2019,1204281.13
01/23/2024,1203848.6
03/22/2018,1203690.08
03/13/2018,1203614.74
11/01/2018,1203297.17
07/23/2014,1203203.78
02/13/2014,1203165.93
07/22/2015,1202926.62
02/23/2017,1202690.35
07/09/2012,1201850.81
08/16/2019,1201700.58
01/03/2018,1201497.82
08/17/2017,1201461.82
01/13/2015,1201330.3
07/11/2013,1201094.13
09/04/2015,1200999.44
07/12/2016,1200606.11
10/29/2012,1200462.72
07/03/2018,1200387.03
03/04/2013,1200378.24
05/08/2012,1200276.32
01/11/2024,1199907.51
10/22/2020,1199709.28
02/02/2024,1199325.99
02/25/2013,1199317.64
04/24/2012,1198815.5
07/09/2019,1198789.77
04/18/2019,1198552.85
11/22/2016,1198466.4
05/26/2016,1198391.55
06/24/2014,1198243.21
06/11/2021,1198079.09
10/30/2012,1197641.55
11/12/2012,1197505.69
07/23/2012,1197385.33
12/03/2013,1196789.08
04/15/2020,1196603.56
04/17/2012,1195834.34
08/07/2014,1195542.98
04/16/2013,1195252.47
01/13/2022,1195042.43
04/19/2017,1194964.34
10/03/2012,1194943.04
08/02/2012,1194930.28
04/10/2014,1194760.51
08/18/2014,1191542.84
01/28/2016,1191347.18
08/13/2012,1190591.03
12/04/2012,1190091.07
01/14/2022,1189888.53
10/15/2013,1189738.4
11/02/2017,1189338.64
04/23/2014,1189184.39
05/23/2017,1188895.18
07/13/2017,1187776.25
04/30/2020,1187552.28
11/15/2016,1187494.25
09/04/2014,1187352.49
08/10/2017,1187185.15
04/11/2012,1187159.62
04/03/2014,1186962.62
10/18/2016,1186729.94
07/18/2017,1186529.55
09/20/2019,1186505.75
04/17/2014,1184954.18
08/11/2015,1184151.99
04/01/2020,1184085.03
03/05/2013,1183901.36
09/18/2012,1183482.14
01/24/2020,1183222.59
02/21/2013,1183175.96
08/23/2018,1183136.89
01/07/2022,1182900.67
11/16/2019,1182030.23
04/19/2012,1181990.69
01/29/2018,1181692.97
04/25/2017,1181553.34
04/07/2016,1180262.16
02/06/2014,1180195.74
03/31/2015,1178988.6
03/25/2013,1178521.31
04/24/2014,1177278.93
03/15/2018,1177262.0
02/05/2013,1176830.74
08/09/2012,1176181.29
02/01/2018,1175859.35
07/24/2013,1175293.01
01/06/2020,1175041.83
03/12/2012,1174576.17
04/12/2016,1174351.87
07/14/2016,1173845.69
05/05/2016,1173399.97
02/06/2020,1172652.53
07/03/2012,1171172.36
01/20/2016,1170905.85
05/21/2012,1170603.83
12/16/2014,1170432.81
09/21/2017,1170301.4
11/06/2012,1170085.03
02/04/2013,1169804.26
01/31/2018,1169656.89
10/31/2013,1169375.84
01/17/2022,1169346.59
07/08/2023,1168892.28
02/26/2013,1168684.77
09/25/2013,1168656.0
04/07/2015,1168509.62
10/21/2014,1168255.49
04/15/2013,1168203.41
02/25/2016,1167854.97
07/11/2017,1167626.87
01/05/2016,1167492.33
09/23/2019,1167299.05
03/06/2012,1167102.8
12/17/2013,1166825.16
02/23/2012,1166657.32
05/09/2019,1165841.88
08/16/2012,1165605.38
01/03/2019,1165555.92
02/14/2017,1165551.48
06/21/2012,1165126.07
06/02/2016,1164341.54
04/09/2012,1163668.8699999999
02/27/2018,1163634.58
03/02/2016,1163194.08
02/19/2018,1162993.62
08/20/2019,1162594.14
02/24/2015,1162294.32
03/27/2019,1162269.44
05/01/2019,1162210.91
02/06/2012,1162026.78
04/19/2019,1161757.42
10/09/2014,1160262.31
08/27/2012,1160106.05
06/18/2020,1159780.43
08/21/2012,1159309.48
04/26/2017,1159063.72
03/13/2012,1158454.55
02/15/2017,1158016.74
11/21/2013,1156742.95
01/28/2020,1156209.1
07/21/2015,1155986.22
11/01/2016,1155906.59
02/19/2014,1155292.21
07/30/2015,1154816.61
07/21/2016,1154220.37
07/16/2020,1154050.44
09/22/2015,1153796.21
03/18/2013,1153472.53
03/23/2017,1153255.04
07/04/2013,1151870.55
02/09/2016,1151645.35
01/06/2023,1151286.8
06/18/2013,1150629.1
06/13/2013,1150432.94
03/02/2021,1149639.44
02/09/2012,1149419.7
03/01/2018,1149359.27
04/16/2012,1149297.31
08/18/2016,1149000.29
08/12/2015,1148821.56
08/14/2019,1148541.64
02/02/2017,1147253.19
01/12/2015,1146810.23
04/16/2014,1146795.61
07/04/2017,1146057.81
03/30/2016,1145698.01
02/20/2020,1145468.78
01/03/2013,1145081.46
05/08/2014,1144918.39
01/06/2015,1144784.36
05/06/2014,1144210.53
07/01/2015,1143850.64
09/11/2013,1143729.95
03/08/2016,1142949.15
07/09/2020,1142648.71
11/13/2023,1142216.68
08/06/2012,1141509.85
03/16/2016,1141109.5
03/05/2020,1140694.56
01/20/2020,1140660.09
09/18/2013,1140424.89
05/19/2016,1140312.73
11/12/2015,1140228.65
04/14/2015,1140187.04
02/12/2013,1139706.76
02/17/2015,1139259.47
07/19/2019,1139207.99
02/18/2013,1137654.69
09/16/2016,1137367.54
07/18/2012,1137360.76
03/05/2012,1137343.93
01/30/2017,1137202.74
04/02/2012,1136236.28
03/28/2013,1135994.43
03/21/2019,1135003.73
08/18/2015,1134989.16
08/23/2012,1134881.36
09/12/2019,1134834.03
02/28/2013,1134408.74
01/07/2013,1134014.9
01/16/2019,1133635.74
01/05/2017,1132276.92
05/02/2017,1132027.22
10/25/2016,1131905.16
09/19/2017,1131383.93
02/16/2012,1131353.55
03/01/2016,1131035.7
07/20/2016,1130615.63
02/20/2012,1130277.13
07/08/2014,1129890.71
06/14/2019,1129863.58
08/27/2015,1129577.21
08/24/2017,1129397.68
06/04/2015,1129100.04
09/17/2012,1129003.28
05/06/2024,1128901.52
08/24/2016,1128434.67
08/26/2014,1128147.05
08/09/2019,1128002.02
03/21/2013,1127634.98
03/10/2016,1127621.97
01/21/2020,1127431.43
09/21/2016,1127117.23
05/28/2015,1127074.86
08/14/2012,1127039.28
05/12/2016,1126961.95
03/17/2016,1126389.5
10/23/2014,1126358.29
01/22/2018,1126313.99
02/07/2012,1126196.84
03/19/2014,1125992.03
09/25/2012,1124941.9
01/15/2014,1124172.86
04/23/2013,1124015.58
03/26/2013,1123936.36
11/06/2013,1123766.97
06/03/2013,1122786.16
08/02/2019,1122722.62
02/22/2017,1121916.6
11/13/2012,1121421.32
03/12/2020,1120346.96
01/14/2019,1119533.32
07/02/2014,1119403.06
04/30/2015,1118878.11
01/24/2013,1117985.16
08/29/2012,1117678.04
03/10/2015,1117617.25
11/13/2014,1117386.23
04/26/2012,1117267.24
01/13/2020,1117116.39
03/05/2015,1115891.2
06/22/2017,1115871.54
04/18/2012,1115808.4
01/29/2020,1115780.27
09/02/2014,1115516.31
03/25/2015,1115450.91
09/20/2012,1115342.17
02/20/2018,1115333.83
06/11/2020,1114649.9
01/23/2017,1114565.21
02/23/2016,1114519.37
04/09/2020,1114468.48
03/06/2014,1114153.4
08/08/2022,1112583.25
10/17/2013,1112266.51
06/23/2016,1112256.52
06/05/2013,1112004.8699999999
04/21/2016,1111903.24
08/08/2013,1111816.12
07/23/2019,1111260.22
07/25/2017,1110951.3
01/04/2017,1110570.58
04/08/2014,1109377.93
07/09/2015,1108851.82
01/25/2017,1108767.46
03/22/2017,1108376.57
02/11/2013,1107338.75
04/16/2019,1107324.19
01/18/2022,1107128.4
01/31/2019,1106525.33
06/12/2014,1105764.39
01/15/2020,1105465.75
11/04/2014,1105435.93
04/04/2017,1105067.03
08/25/2016,1105059.14
09/22/2016,1104904.36
02/21/2012,1104245.5
08/13/2013,1103999.88
03/01/2012,1103555.64
10/24/2013,1102763.09
03/20/2012,1102367.32
06/02/2023,1102338.58
09/23/2014,1102326.57
07/24/2012,1102026.28
03/26/2020,1101409.3
09/05/2012,1101376.34
08/17/2016,1100935.18
06/18/2015,1100227.6
08/01/2016,1099899.31
05/22/2015,1099846.99
10/22/2015,1098689.96
02/03/2015,1098405.69
07/16/2013,1097126.31
03/12/2015,1096778.12
08/06/2015,1096316.8
01/08/2020,1095072.68
08/08/2017,1094857.9
03/13/2013,1094507.79
01/13/2016,1094263.73
01/17/2018,1093968.81
09/10/2015,1093649.43
05/22/2013,1093341.62
11/07/2012,1092626.57
10/01/2013,1091742.82
11/20/2014,1091537.11
07/12/2012,1091521.63
09/06/2016,1090894.29
05/22/2014,1090891.47
09/16/2014,1090694.83
03/29/2017,1089506.69
06/09/2016,1089436.65
01/28/2014,1089228.92
06/20/2017,1088441.0
11/14/2012,1088376.72
02/27/2014,1087263.62
02/19/2013,1087255.57
09/29/2016,1087086.86
11/20/2012,1086803.68
07/06/2012,1086329.39
03/19/2013,1086065.51
05/09/2017,1084351.82
07/09/2022,1084121.03
06/16/2016,1081756.8
02/26/2015,1081608.79
07/07/2016,1081240.69
03/19/2020,1080896.35
09/20/2016,1080734.88
08/06/2013,1080485.75
09/03/2016,1080261.82
08/20/2012,1080103.34
11/17/2012,1079768.6199999999
04/04/2012,1079421.89
12/10/2013,1079292.49
01/17/2019,1078930.96
02/04/2016,1078877.39
01/29/2019,1078556.07
01/04/2018,1078340.1
11/26/2013,1077777.06
07/10/2014,1077628.25
03/10/2022,1077065.47
12/23/2014,1076347.01
11/05/2012,1076326.79
03/09/2022,1075520.56
07/25/2019,1075266.77
09/26/2017,1075170.49
01/31/2013,1074665.01
11/28/2012,1074152.53
02/27/2020,1073915.17
08/28/2014,1073822.21
08/13/2015,1072605.17
01/17/2017,1071468.72
05/01/2014,1071305.87
01/31/2022,1071259.33
01/02/2019,1070833.02
02/14/2020,1070696.16
09/04/2013,1070305.93
02/05/2024,1069730.25
01/28/2013,1069588.28
01/10/2018,1069260.7
11/07/2013,1068905.45
03/30/2017,1068819.87
01/30/2014,1068802.63
08/09/2016,1067646.42
02/27/2012,1067590.65
03/22/2012,1066631.55
01/31/2020,1066203.96
01/09/2019,1065986.5
06/05/2014,1065910.64
05/14/2012,1065501.08
09/11/2014,1064884.31
07/24/2014,1064442.96
03/15/2016,1063697.94
03/20/2018,1063660.56
02/16/2024,1063630.69
02/09/2024,1063041.32
07/23/2020,1062723.19
11/19/2012,1061795.18
02/19/2015,1061016.03
08/22/2013,1060908.51
12/28/2019,1060369.42
06/12/2013,1060331.69
05/23/2012,1059972.54
01/23/2018,1058306.08
01/30/2018,1057233.24
03/24/2016,1057132.49
05/16/2012,1057094.93
05/07/2015,1055919.04
01/19/2016,1055570.95
11/25/2013,1055141.48
04/15/2019,1054626.44
08/22/2019,1053826.61
01/29/2013,1052955.21
06/11/2015,1052047.32
10/16/2014,1051806.03
07/18/2013,1051434.2
04/20/2017,1050957.69
02/20/2014,1050875.9
01/26/2017,1050302.86
05/30/2017,1050243.9
09/28/2016,1048850.18
07/02/2018,1048711.29
05/15/2014,1047881.44
01/12/2016,1047290.48
03/26/2019,1047023.28
11/05/2015,1046588.14
03/26/2014,1046550.45
09/27/2012,1046457.85
08/20/2015,1046160.06
03/21/2012,1045362.29
05/20/2014,1044538.73
09/19/2019,1044412.48
01/08/2013,1042551.27
08/15/2013,1042232.95
01/07/2016,1042222.38
08/01/2017,1041439.91
04/23/2012,1037267.76
01/31/2012,1037050.08
06/15/2013,1036931.14
01/17/2020,1036905.19
02/13/2012,1036450.46
08/22/2017,1036116.33
06/30/2014,1035926.64
04/02/2015,1035243.09
11/21/2014,1034727.67
09/24/2012,1034259.84
03/03/2016,1034148.64
09/17/2015,1033535.52
08/08/2019,1033045.5
02/11/2016,1032872.77
01/14/2013,1031932.35
01/11/2018,1031051.61
07/26/2012,1029869.23
07/31/2014,1029806.03
01/19/2017,1029163.32
01/09/2014,1029079.23
08/27/2013,1027940.04
02/27/2013,1027441.41
09/11/2021,1026949.21
01/11/2017,1026627.91
02/28/2012,1026607.76
07/05/2012,1025582.88
03/19/2012,1025580.38
01/18/2024,1025382.58
01/15/2019,1023797.75
11/01/2012,1022979.67
09/26/2012,1022813.63
04/16/2015,1022789.81
03/27/2012,1022368.21
05/21/2020,1021938.08
06/19/2014,1021914.51
06/17/2014,1021779.28
01/30/2020,1021581.6
01/22/2013,1020822.88
01/19/2012,1020633.66
11/23/2016,1020544.75
08/05/2014,1020371.86
04/21/2015,1020300.47
01/08/2015,1018837.13
06/17/2013,1018495.7
01/17/2013,1018430.16
01/23/2014,1018109.78
01/25/2018,1017359.54
12/05/2012,1017107.4
07/15/2014,1016260.22
02/14/2012,1015278.8099999999
01/26/2012,1014895.98
08/22/2012,1012865.67
04/29/2014,1011528.01
01/24/2012,1011303.73
01/03/2012,1011220.92
05/30/2012,1010696.47
06/20/2019,1010182.74
08/20/2013,1009302.5599999999
05/30/2013,1008713.9
08/01/2013,1008635.45
02/18/2016,1008625.38
02/12/2015,1007617.13
03/29/2016,1007050.27
01/20/2015,1006243.43
01/15/2016,1005623.38
03/29/2012,1005342.26
11/14/2013,1005251.17
08/15/2019,1004644.22
10/22/2013,1004048.65
08/29/2014,1003531.36
07/11/2019,1003321.24
08/21/2014,1003136.55
12/09/2023,1002847.93
01/22/2015,1002186.62
05/02/2012,1002013.48
03/13/2014,1000822.75
11/24/2015,1000177.12
11/19/2013,999279.49
12/20/2014,999156.52
02/22/2012,998236.38
09/18/2014,997491.92
03/26/2012,995902.63
07/03/2013,995316.29
04/23/2020,995314.06
04/19/2024,995153.31
06/03/2014,994391.49
04/18/2017,993921.99
03/19/2019,992688.4
04/14/2016,991762.59
09/28/2017,990032.45
01/21/2013,989163.32
03/19/2015,989038.54
12/28/2013,988932.78
11/06/2014,987920.76
02/08/2012,986686.79
10/11/2016,986542.45
07/09/2013,985215.65
01/30/2019,983802.84
01/30/2012,983300.5599999999
05/13/2014,983152.33
08/08/2012,980638.57
03/24/2015,979592.99
01/23/2012,979300.0
09/12/2013,978905.14
07/17/2014,978839.23
05/15/2013,978349.51
02/06/2013,978307.4
05/01/2013,977961.71
04/23/2015,977918.19
03/14/2012,977682.72
07/23/2015,977285.59
04/09/2015,976374.02
01/08/2019,975925.22
01/29/2015,975580.97
09/24/2015,975396.4
07/30/2013,975291.39
01/03/2017,974734.03
08/14/2014,972396.42
11/25/2014,971566.2
07/16/2015,970669.37
01/02/2018,970358.97
05/09/2012,970064.15
07/26/2016,969052.83
08/19/2014,968633.86
01/23/2020,968384.99
01/16/2012,968341.51
07/17/2013,967201.13
03/26/2015,966668.52
05/21/2021,966325.84
01/07/2014,965681.52
07/18/2019,964472.9
08/31/2016,964070.99
09/25/2014,963972.6
05/27/2014,963884.33
08/12/2014,963770.11
02/15/2012,962427.74
03/27/2013,962030.7
01/16/2018,959980.2
01/10/2020,959821.7
01/04/2022,959250.71
07/25/2012,958437.2
01/26/2024,957919.13
04/16/2020,954988.16
08/15/2012,954059.71
07/29/2014,953697.75
10/29/2013,951745.64
02/24/2022,950904.11
07/18/2016,949466.22
09/19/2013,946652.23
03/28/2017,946356.74
01/10/2013,945096.28
04/24/2013,943445.93
01/15/2013,942909.9
11/21/2015,942477.31
07/25/2013,941009.93
01/16/2015,940992.35
03/31/2016,940824.8
07/23/2013,940563.86
03/02/2022,939873.92
01/05/2012,939144.34
06/14/2013,938970.09
02/23/2022,938229.89
01/23/2019,938228.29
03/20/2013,936354.76
02/21/2017,936150.09
11/11/2023,935372.35
03/20/2014,935330.72
01/09/2020,935136.32
09/26/2013,933450.22
11/22/2013,932952.92
01/15/2015,931313.84
10/31/2012,930681.99
01/09/2012,929537.66
02/13/2020,929068.73
01/12/2012,926796.42
07/11/2012,926502.41
03/21/2017,924563.7
03/14/2017,924453.15
04/25/2012,924103.8
09/17/2013,923638.47
08/31/2012,920322.44
04/03/2013,920123.09
01/17/2012,919875.74
03/07/2022,914791.88
01/24/2017,914770.68
10/20/2023,913753.37
06/20/2012,910933.59
07/22/2014,910662.97
01/18/2018,910065.41
03/11/2014,908641.55
02/11/2014,908298.37
07/01/2016,907644.02
02/01/2012,906778.43
01/12/2017,904020.48
02/29/2012,902588.76
01/27/2015,898972.15
02/04/2014,898561.07
09/27/2016,898485.8
01/10/2012,898232.47
02/28/2017,897795.72
01/14/2020,894427.63
03/18/2014,894102.25
01/25/2019,893365.1
04/15/2014,891539.95
01/10/2017,891524.9
10/08/2013,890758.64
08/01/2012,889405.91
06/01/2024,888022.79
01/21/2016,887561.93
01/23/2013,886504.98
03/03/2022,886072.16
01/31/2017,884612.99
04/01/2014,884492.69
01/16/2014,884116.01
03/06/2013,882379.53
01/02/2014,881221.34
04/22/2014,880809.11
04/12/2024,879417.4
12/07/2018,879194.3
01/14/2016,878167.26
11/12/2013,873675.42
09/19/2012,872546.94
04/17/2013,870963.29
10/19/2018,870855.41
05/25/2012,865729.19
03/27/2014,864795.36
01/16/2020,864486.08
08/16/2016,863310.57
11/30/2018,862133.66
02/20/2013,861786.91
03/04/2022,860470.72
02/25/2014,860401.16
11/10/2014,860285.63
01/04/2012,859402.72
12/02/2016,857986.7
04/02/2020,855398.32
12/23/2016,854511.28
11/16/2012,852140.92
01/30/2013,850911.82
08/02/2016,850902.54
01/18/2012,850285.82
01/16/2013,849009.28
11/17/2017,848427.11
09/06/2013,846247.9
05/15/2018,843486.71
08/23/2016,836134.9
09/24/2013,835997.77
03/07/2012,835339.19
09/10/2013,834157.87
12/16/2016,833303.39
03/15/2024,832143.18
03/08/2022,830800.38
03/04/2014,827416.63
01/02/2013,825988.71
01/14/2015,825237.83
01/14/2014,823361.44
03/28/2012,821053.92
01/09/2013,818767.51
01/08/2023,818069.14
01/21/2014,817675.54
11/22/2014,817611.01
01/18/2019,811736.03
12/14/2018,808788.63
11/05/2013,796049.65
02/18/2014,786534.3
06/29/2024,783892.77
08/15/2022,781971.05
11/18/2016,778463.97
12/21/2013,774961.28
12/01/2017,774650.65
01/11/2012,773570.28
05/04/2018,769033.52
06/30/2017,766921.39
01/25/2012,764505.97
05/27/2024,764245.08
12/08/2017,763327.96
08/01/2022,757187.02
10/31/2017,753935.85
01/19/2024,752757.02
11/21/2018,747655.7
10/07/2016,743045.08
10/12/2018,740145.81
03/25/2014,738478.85
07/19/2016,732731.96
06/23/2017,731307.49
02/11/2024,727595.83
11/09/2018,727470.05
04/13/2019,722914.85
11/16/2018,721644.73
08/29/2016,720128.25
06/15/2018,720045.56
08/10/2018,718709.11
10/06/2017,710195.08
03/08/2019,700422.53
12/15/2017,697682.3
02/10/2017,691965.03
02/23/2024,688288.15
11/11/2016,687995.6
11/05/2023,686252.12
06/01/2018,685014.37
12/29/2017,680117.98
11/22/2017,679990.18
04/13/2018,678789.25
11/10/2017,677426.68
09/01/2017,676692.33
04/05/2019,674086.92
11/23/2013,670867.7
10/20/2017,668668.37
08/30/2016,668527.93
02/28/2022,665161.71
10/26/2018,664336.45
08/03/2018,658114.52
02/09/2018,649799.02
10/13/2017,649392.78
10/15/2023,647889.86
10/27/2017,647027.01
07/14/2017,646235.91
01/16/2017,645784.46
09/07/2018,645236.53
06/16/2017,642377.94
09/15/2017,640720.33
10/05/2018,639795.3
10/28/2016,639609.58
04/14/2024,638511.67
11/03/2017,634961.08
03/01/2019,633393.99
11/10/2023,630096.83
02/22/2019,625358.99
10/22/2023,624642.78
02/08/2019,620314.72
09/09/2016,619953.53
02/01/2019,619198.29
12/09/2016,616979.97
05/12/2024,616774.65
07/21/2017,610167.21
05/18/2018,608395.94
03/29/2019,608292.8
04/27/2018,608228.84
07/20/2018,608135.3
07/13/2018,606866.73
01/14/2024,605837.27
11/19/2023,605786.53
02/25/2022,605456.89
04/14/2017,605298.95
07/27/2018,604994.65
12/17/2022,602470.11
08/17/2018,593883.07
11/04/2016,593834.48
06/09/2017,593826.74
05/05/2017,591447.64
03/17/2017,589978.7
12/29/2018,583142.14
09/21/2018,582417.74
02/03/2017,582256.41
09/14/2018,580700.58
05/11/2018,580320.12
08/12/2016,580149.95
04/07/2017,579179.53
09/10/2022,576543.96
11/02/2018,576399.02
07/15/2016,574375.86
06/02/2017,572255.09
05/19/2017,571068.81
03/01/2022,570487.32
08/24/2018,570239.4
02/15/2019,569012.16
07/06/2018,568724.52
09/30/2016,566228.96
06/08/2018,565472.01
05/12/2017,561697.7
07/29/2016,561626.23
07/07/2017,559821.0
09/02/2016,554720.73
01/05/2018,551381.03
01/11/2019,548455.71
08/11/2017,547979.05
02/24/2017,546842.37
09/29/2017,546458.74
07/28/2017,545508.26
02/16/2018,544073.61
03/10/2024,543429.25
08/18/2017,540729.24
03/17/2024,540667.13
08/26/2016,537734.27
08/19/2016,533360.97
03/09/2018,532806.79
08/25/2017,531261.31
03/31/2017,531253.9
09/08/2017,531173.04
03/30/2018,529707.73
01/06/2017,529654.89
02/25/2024,522872.7
03/16/2018,522835.0
02/23/2018,522817.65
04/28/2017,522672.26
04/20/2018,521339.71
04/06/2018,518402.29
02/17/2017,518304.45
10/14/2016,515732.25
03/15/2019,513550.95
10/21/2016,513421.47
08/04/2017,512998.99
08/05/2016,512577.76
03/02/2018,510241.1
09/23/2016,509331.64
02/02/2018,508107.49
03/23/2018,507821.7
03/22/2019,506165.2
09/28/2018,501175.15
03/10/2017,499882.66
02/04/2024,495921.51
06/22/2018,492341.87
07/22/2016,491699.18
01/19/2018,489019.87
01/12/2018,487891.65
05/22/2021,484081.7
12/08/2023,483847.92
09/22/2017,483603.62
01/26/2018,481613.07
11/30/2019,476539.22
03/24/2017,470836.54
03/03/2017,469009.27
12/30/2016,466474.35
12/10/2023,454069.41
01/27/2017,449392.85
04/21/2017,439922.16
12/03/2023,436556.86
01/12/2024,435388.22
04/21/2024,434853.17
11/12/2023,430846.46
01/20/2017,430774.05
01/13/2017,401420.49
11/26/2023,400214.98
11/15/2019,396911.26
11/22/2019,391205.26
06/23/2024,382710.62
06/09/2024,375612.7
06/12/2021,372962.33
06/15/2019,340280.95
01/28/2024,315152.23
12/16/2023,305746.01
04/28/2024,305464.04
03/24/2024,302704.08
11/18/2023,282791.14
06/02/2024,268268.71
01/21/2024,245262.84
08/14/2022,235569.53
06/30/2024,234471.5
02/18/2024,208569.78
06/16/2024,205683.92
05/19/2024,199998.51
12/23/2022,170915.42
12/18/2022,162289.17
04/17/2022,144118.46
12/10/2022,139165.07
11/24/2022,127853.27
03/03/2024,122041.39
11/23/2023,117814.47
09/29/2019,117429.36
06/01/2019,117028.68
07/04/2019,106397.79
01/07/2024,104375.41
12/31/2013,95071.01
11/25/2015,85415.44
12/24/2018,75539.12
12/24/2014,75213.18
11/27/2013,73453.11
11/25/2023,71419.06
12/31/2014,70171.62
07/02/2015,67478.35
12/24/2013,62568.47
07/03/2014,50469.21
02/26/2022,50296.76
11/21/2012,47406.08
06/27/2021,42796.55
01/02/2023,40008.23
11/28/2020,38422.15
04/27/2012,36212.32
06/20/2021,36154.65
10/09/2022,33437.63
12/13/2013,31238.44
10/10/2021,30956.76
11/27/2021,30301.97
07/04/2022,28395.8
01/23/2022,25795.14
02/13/2022,25618.0
06/29/2012,25320.89
06/21/2013,24094.01
04/23/2022,23642.75
12/31/2015,23613.45
04/15/2016,22612.56
11/13/2022,21145.52
05/24/2013,20809.68
11/26/2014,20731.95
06/10/2016,20410.2
10/24/2021,20407.38
05/29/2023,20176.11
04/11/2021,19799.23
05/15/2021,19246.12
08/15/2021,19124.19
03/14/2014,19053.32
09/06/2021,18896.54
12/24/2015,18753.0
12/06/2013,18231.14
08/16/2013,18157.21
11/21/2021,17475.94
12/12/2014,17405.22
11/08/2013,17169.56
11/20/2022,16897.95
05/21/2023,16715.93
06/13/2021,16529.98
11/28/2021,15627.99
01/29/2023,15173.49
05/06/2016,15141.359999999999
09/04/2023,14972.62
12/05/2021,14702.08
04/03/2022,14447.65
10/10/2014,14417.42
07/11/2021,13448.71
06/06/2021,13329.05
02/12/2023,13260.85
05/31/2021,12730.84
12/04/2022,12517.59
07/23/2023,12438.2
06/26/2022,12051.22
05/23/2021,12016.35
06/19/2022,11932.79
03/20/2022,11898.89
06/24/2016,11509.08
09/18/2022,11109.12
08/29/2021,10795.98
02/27/2022,10784.53
08/30/2013,10709.99
03/13/2022,10230.6
10/30/2022,9954.63
12/12/2021,9406.3
03/27/2022,9343.98
01/31/2014,9263.65
10/25/2013,9224.09
04/25/2021,9132.58
10/11/2020,9059.18
07/04/2021,8842.66
11/27/2022,8594.86
02/20/2022,8576.73
08/07/2015,8316.78
07/18/2021,8292.81
11/06/2022,8289.34
10/31/2021,8198.24
11/01/2020,7974.75
04/10/2022,7762.98
06/05/2022,7629.14
06/03/2016,7465.98
10/23/2022,7456.15
05/16/2021,7374.29
11/07/2021,7194.58
05/08/2022,7162.28
01/02/2022,7056.61
02/06/2022,7000.82
03/15/2013,6838.92
09/12/2021,6766.47
12/26/2021,6766.43
08/21/2022,6731.93
04/09/2023,6586.84
10/17/2021,6506.91
10/03/2021,6489.75
05/30/2022,6320.6
01/01/2024,6277.65
04/11/2014,6146.4800000000005
09/25/2015,6050.4
06/22/2013,6042.81
05/13/2016,5904.72
05/11/2024,5764.2
01/30/2022,5604.1
12/11/2022,5559.84
06/22/2012,5482.18
05/15/2022,5264.0
12/04/2015,5208.85
11/15/2013,5193.57
10/02/2015,5186.54
11/01/2013,4915.57
07/30/2023,4878.05
07/08/2016,4848.24
09/18/2015,4569.33
03/04/2016,4516.92
05/10/2013,4228.8
11/02/2019,4110.53
07/25/2021,4090.23
05/20/2016,4035.84
04/29/2016,3934.1800000000003
06/05/2015,3856.55
08/30/2020,3836.16
09/02/2023,3819.04
03/06/2022,3561.92
08/28/2022,3554.43
05/02/2021,3495.29
01/16/2022,3420.34
05/09/2021,3418.08
07/27/2012,3279.7599999999998
03/25/2016,3198.3
09/20/2013,3135.74
01/15/2023,3013.5
03/09/2012,2886.24
03/26/2023,2696.76
09/26/2021,2639.27
01/23/2015,2608.36
12/19/2021,2530.84
06/12/2015,2431.68
09/05/2022,2207.7000000000003
01/22/2023,2179.92
01/09/2022,2153.2400000000002
02/22/2013,2105.56
08/22/2021,2029.3
01/25/2013,1974.0
01/17/2014,1971.24
12/14/2012,1912.84
05/19/2019,1811.58
05/29/2015,1799.88
02/06/2015,1739.52
03/06/2015,1680.28
06/01/2012,1607.52
05/01/2022,1539.84
07/10/2022,1515.06
06/28/2013,1426.14
03/07/2021,1286.88
02/08/2013,1130.88
07/19/2013,1096.08
03/16/2012,1050.84
05/02/2014,1039.33
11/25/2021,1012.38
02/12/2016,932.4000000000001
08/01/2021,932.4
04/19/2013,922.3199999999999
09/21/2012,920.52
07/26/2020,911.89
06/07/2013,900.0
09/14/2012,854.73
07/31/2015,849.6
05/03/2013,847.44
01/27/2012,796.36
10/02/2022,776.4
02/05/2023,748.02
07/20/2012,674.4
03/11/2016,668.88
08/03/2012,576.42
07/04/2023,547.84
05/01/2015,447.9
08/02/2013,399.18
10/16/2022,360.0
05/11/2012,324.0
10/03/2014,307.08
11/14/2021,276.9
10/30/2015,264.24
08/13/2023,256.45
06/19/2015,220.6
09/04/2017,217.08
11/02/2012,198.0
07/17/2022,171.0
10/25/2020,166.5
10/24/2014,157.5
09/07/2012,152.04
11/05/2016,67.14
05/29/2017,66.0
05/27/2017,64.18
05/25/2024,52.5
08/27/2023,42.0
02/19/2016,40.64
